@inproceedings{cnnbio,
author = {Anthony Rios and Ramakanth Kavuluru},
title = {Convolutional neural networks for biomedical text classification: application in indexing biomedical articles},
intype = {},
booktitle = {Proceedings of the 6th ACM Conference on Bioinformatics, Computational Biology and Health Informatics},
volume = {},
address = {},
month = sep,
year = {2015},
paper = {},
pages = {258-267},
}

@article{cnnfacial,
author = {Masakazu Matsugu and Katsuhiko Mori and  Yusuke Mitari and Yuji Kaneda},
title = {Subject independent facial expression recognition with robust face detection using a convolutional neural network},
journal = {Neural Networks},
volume = {16},
number = {5-6},
month = jun,
year = {2003},
pages = {555-559},
url = {https://doi.org/10.1016/S0893-6080(03)00115-1},
}

@inproceedings{cnnzeroshot,
author = {Jimmy Lei Ba and Kevin Swersky and Sanja Fidler and Ruslan Salakhutdinov},
title = {Predicting Deep Zero-Shot Convolutional Neural Networks Using Textual Descriptions},
booktitle = {The IEEE International Conference on Computer Vision (ICCV)},
month = dec,
year = {2015}
}

@article{cnngenome,
author = {David R. Kelley and Jasper Snoek and John L. Rinn},
title = {Predicting Deep Zero-Shot Convolutional Neural Networks Using Textual Descriptions},
journal = {Neural Networks},
volume = {},
number = {},
month = may,
year = {2016},
pages = {990-999},
url = {http://www.genome.org/cgi/doi/10.1101/gr.200535.115},
}

@article{cnnspeech,
author = {Tara N. Sainath and Brian Kingsbury and George Saon and Hagen Soltau and Abdel-rahman Mohamed and George Dahl and Bhuvana Ramabhadran},
title = {Deep Convolutional Neural Networks for Large-scale Speech Tasks},
journal = {Neural Networks},
volume = {64},
number = {},
month = apr,
year = {2015},
pages = {39-48},
url = {https://doi.org/10.1016/j.neunet.2014.08.005},
}

@article{cnnbrain,
author = {Wenlu Zhang and Rongjian Li and Houtao Deng and Li Wang and Weili Lin and Shuiwang Ji and Dinggang Shen},
title = {Deep convolutional neural networks for multi-modality isointense infant brain image segmentation},
journal = {NeuroImage},
volume = {108},
number = {},
month = mar,
year = {2015},
pages = {214-224},
url = {https://doi.org/10.1016/j.neuroimage.2014.12.061},
}

@incollection{ftguyon,
author = {Isabelle Guyon and André Elisseeff},
editor = {Janusz Kacprzyk},
title = {An Introduction to Feature Extraction},
booktitle = {Feature Extraction},
series = {},
volume = {207},
publisher = {Springer, Berlin, Heidelberg},
address = {},
year = {2006},
chapter = {},
pages = {1-25},
}

@incollection{bplecun,
author = {Yann A. LeCun and Léon Bottou and Genevieve B. Orr and Klaus-Robert Müller},
editor = {Janusz Kacprzyk},
title = {Efficient BackProp},
booktitle = {Neural Networks: Tricks of the Trade},
series = {Studies in Fuzziness and Soft Computing},
volume = {7700},
publisher = {Springer, Berlin, Heidelberg},
address = {},
year = {2006},
chapter = {},
pages = {9-48},
}

@inproceedings{bpzhang,
title={Derivation of Backpropagation in Convolutional Neural Network ( CNN )},
author={Zhifei Zhang},
month = out,
year={2016},
}

@book{svmwang,
  title={Support vector machines: theory and applications},
  author={Wang, Lipo},
  volume={177},
  year={2005},
  publisher={Springer Science \& Business Media}
}

@article{svmfinanc,
author = {Francis E. H Tay and Lijuan Cao},
title = {Application of support vector machines in financial time series forecasting},
journal = {Omega},
volume = {29},
number = {4},
month = aug,
year = {2001},
pages = {309-317},
url = {https://doi.org/10.1016/S0305-0483(01)00026-3},
}

@article{svmchem,
author = {Hongdong Li and Yizeng Liang and Qingsong Xu},
title = {Support vector machines and its applications in chemistry},
journal = {Chemometrics and Intelligent Laboratory Systems},
volume = {95},
number = {2},
month = feb,
year = {2009},
pages = {188-198},
url = {https://doi.org/10.1016/j.chemolab.2008.10.007},
}

@article{svmhydro,
author = {Sujay Raghavendra. N and Paresh Chandra Deka},
title = {Support vector machines and its applications in chemistry},
journal = {Applied Soft Computing},
volume = {19},
number = {},
month = jun,
year = {2014},
pages = {372-386},
url = {https://doi.org/10.1016/j.asoc.2014.02.002},
}