@inproceedings{castro2018end,
  title={End-to-end incremental learning},
  author={Castro, Francisco M and Mar{\'\i}n-Jim{\'e}nez, Manuel J and Guil, Nicol{\'a}s and Schmid, Cordelia and Alahari, Karteek},
  booktitle={Proceedings of the European Conference on Computer Vision (ECCV)},
  pages={233--248},
  year={2018}
}

@inproceedings{shrivastava2016training,
  title={Training region-based object detectors with online hard example mining},
  author={Shrivastava, Abhinav and Gupta, Abhinav and Girshick, Ross},
  booktitle={Proceedings of the IEEE Conference on Computer Vision and Pattern Recognition},
  pages={761--769},
  year={2016}
}

@inproceedings{hong2015online,
  title={Online tracking by learning discriminative saliency map with convolutional neural network},
  author={Hong, Seunghoon and You, Tackgeun and Kwak, Suha and Han, Bohyung},
  booktitle={International conference on machine learning},
  pages={597--606},
  year={2015}
}

@article{mohammed2009near,
  title={Near real time online flow-based internet traffic classification using machine learning (C4.5)},
  author={Mohammed, Abuagla Babiker and Nor, SM},
  journal={International Journal of Engineering},
  volume={3},
  number={4},
  pages={370--379},
  year={2009}
}

@inproceedings{ibrahim2016internet,
  title={Internet traffic classification using machine learning approach: Datasets validation issues},
  author={Ibrahim, Hamza Awad Hamza and Al Zuobi, Omer Radhi Aqeel and Al-Namari, Marwan A and MohamedAli, Gaafer and Abdalla, Ali Ahmed Alfaki},
  booktitle={2016 Conference of Basic Sciences and Engineering Studies (SGCAC)},
  pages={158--166},
  year={2016},
  organization={IEEE}
}

@article{bouchachia2014online,
  title={Online and interactive self-adaptive learning of user profile using incremental evolutionary algorithms},
  author={Bouchachia, Abdelhamid and Lena, Arthur and Vanaret, Charlie},
  journal={Evolving Systems},
  volume={5},
  number={3},
  pages={143--157},
  year={2014},
  publisher={Springer}
}

@inproceedings{yin2015using,
  title={Using social media to enhance emergency situation awareness},
  author={Yin, Jie and Karimi, Sarvnaz and Lampert, Andrew and Cameron, Mark and Robinson, Bella and Power, Robert},
  booktitle={Twenty-Fourth International Joint Conference on Artificial Intelligence},
  year={2015}
}

@article{cao2019titant,
  title={TitAnt: Online Real-time Transaction Fraud Detection in Ant Financial},
  author={Cao, Shaosheng and Yang, Xinxing and Chen, Cen and Zhou, Jun and Li, Xiaolong and Qi, Yuan},
  journal={arXiv preprint arXiv:1906.07407},
  year={2019}
}

@incollection{patel2019application,
  title={An Application of Ensemble Random Forest Classifier for Detecting Financial Statement Manipulation of Indian Listed Companies},
  author={Patel, Hiral and Parikh, Satyen and Patel, Amit and Parikh, Abhishek},
  booktitle={Recent Developments in Machine Learning and Data Analytics},
  pages={349--360},
  year={2019},
  publisher={Springer}
}

@article{beltrami2015grid,
  title={Grid-Quadtree Algorithm for Support Vector Classification Parameters Selection},
  author={Beltrami, Monica and da Silva, Arinei Carlos Lindbeck},
  journal={Appl. Math. Sci},
  volume={9},
  pages={75--82},
  year={2015}
}

@inproceedings{basilico2012online,
  title={Online patrolling using hierarchical spatial representations},
  author={Basilico, Nicola and Carpin, Stefano},
  booktitle={2012 IEEE International Conference on Robotics and Automation},
  pages={2163--2169},
  year={2012},
  organization={IEEE}
}

@inproceedings{wlodarczyk2017fragmentation,
  title={Fragmentation of hydrographic big data into subsets during reduction process},
  author={Wlodarczyk-Sielicka, Marta and Stateczny, Andrzej},
  booktitle={2017 Baltic Geodetic Congress (BGC Geomatics)},
  pages={193--198},
  year={2017},
  organization={IEEE}
}

@inproceedings{wai2018comparison,
  title={Comparison Between Block-Encoding and Quadtree Compression Methods for Raster Maps},
  author={Wai, Phyo Phyo and Hlaing, Su Su and Mon, Khin Lay and Tin, Mie Mie and Khin, Mie Mie},
  booktitle={International Conference on Big Data Analysis and Deep Learning Applications},
  pages={258--263},
  year={2018},
  organization={Springer}
}

@inproceedings{knaup2007ct,
  title={CT image reconstruction using hexagonal grids},
  author={Knaup, Michael and Steckmann, Sven and Bockenbach, Olivier and Kachelrie{\ss}, Marc},
  booktitle={2007 IEEE Nuclear Science Symposium Conference Record},
  volume={4},
  pages={3074--3076},
  year={2007},
  organization={IEEE}
}